<record><leader>00000cas a22000007a 4500</leader><controlfield tag="001">33188150</controlfield><controlfield tag="008">950922d18731878iluwr ne      0    0eng d</controlfield><datafield ind1=" " ind2=" " tag="010"><subfield code="a">sn 95068566 </subfield></datafield><datafield ind1=" " ind2=" " tag="040"><subfield code="a">MGN</subfield><subfield code="b">eng</subfield><subfield code="c">MGN</subfield><subfield code="d">OCLCQ</subfield></datafield><datafield ind1=" " ind2=" " tag="042"><subfield code="a">msc</subfield></datafield><datafield ind1="0" ind2="4" tag="245"><subfield code="a">The Northern granger.</subfield></datafield><datafield ind1=" " ind2=" " tag="260"><subfield code="a">St. Charles, Kane Co., Ill. :</subfield><subfield code="b">H.H. Wheeler</subfield></datafield><datafield ind1=" " ind2=" " tag="300"><subfield code="a">v.</subfield></datafield><datafield ind1=" " ind2=" " tag="310"><subfield code="a">Weekly</subfield></datafield><datafield ind1="1" ind2=" " tag="362"><subfield code="a">Began in 1873; ceased in 1878.</subfield></datafield><datafield ind1=" " ind2=" " tag="588"><subfield code="a">Description based on: Vol. 4, no. 23 (Aug. 7, 1874).</subfield></datafield><datafield ind1=" " ind2=" " tag="752"><subfield code="a">United States</subfield><subfield code="b">Illinois</subfield><subfield code="c">Kane</subfield><subfield code="d">Saint Charles.</subfield></datafield><datafield ind1="0" ind2="0" tag="780"><subfield code="t">St. Charles transcript</subfield><subfield code="w">(DLC)sn 85034140</subfield></datafield><datafield ind1="0" ind2="0" tag="785"><subfield code="t">St. Charles leader</subfield></datafield></record>